@article{ZHANG2023118877,
title = {Numerical modeling of Van der Waals interaction between a spherical particle and rough surfaces with different planar asperity distributions},
journal = {Powder Technology},
volume = {428},
pages = {118877},
year = {2023},
issn = {0032-5910},
doi = {https://doi.org/10.1016/j.powtec.2023.118877},
url = {https://www.sciencedirect.com/science/article/pii/S0032591023006617},
author = {Ji Zhang and Yingmin Zhu and Tarek Ragab and Weidong Wang and Haiyan Zhang and Xiao Wang and Kyle Jiang},
}

@article{kiss11,
author = {Kissane, Martin and Zhang, Fan and Reeks, Mike},
year = {2011},
month = {01},
pages = {},
title = {Dust in HTRs: Its nature and improving prediction of its resuspension},
volume = {251},
journal = {Nuclear Engineering and Design - NUCL ENG DES},
doi = {10.1016/j.nucengdes.2011.10.028}
}

@article{LUO201735,
title = {Nuclear graphite wear properties and estimation of graphite dust production in HTR-10},
journal = {Nuclear Engineering and Design},
volume = {315},
pages = {35-41},
year = {2017},
issn = {0029-5493},
doi = {https://doi.org/10.1016/j.nucengdes.2017.02.016},
url = {https://www.sciencedirect.com/science/article/pii/S0029549317300742},
author = {Xiaowei Luo and Xiaoxin Wang and li Shi and Xiaoyu Yu and Suyuan Yu},
}

@article{Sriyono18,
author = {Sriyono, Sriyono and Setiadipura, Topan and Sunaryo, Geni},
year = {2018},
month = {08},
pages = {89},
title = {CARBON DUST IN PRIMARY COOLANT OF RDE: ITS PROBLEM AND SOLUTION},
volume = {20},
journal = {JURNAL TEKNOLOGI REAKTOR NUKLIR TRI DASA MEGA},
doi = {10.17146/tdm.2018.20.2.4456}
}

@article{PENG2013785,
title = {Graphite dust resuspension in a depressurization accident of HTR},
journal = {Nuclear Engineering and Design},
volume = {265},
pages = {785-790},
year = {2013},
issn = {0029-5493},
doi = {https://doi.org/10.1016/j.nucengdes.2013.09.029},
url = {https://www.sciencedirect.com/science/article/pii/S0029549313005360},
author = {Wei Peng and Tianqi Zhang and Suyuan Yu and Yanan Zhen},
}

@book{Chanson09,
    title = {Applied Hydrodynamics: An Introduction to Ideal and Real Fluid Flows},
    author = {Hubert Chanson},
    isbn = {978-0-415-49271-3},
    year = {2009},
    publisher = {CRC Press, Taylor & Francis Group},
}

@article{ONEILL19681293,
title = {A sphere in contact with a plane wall in a slow linear shear flow},
journal = {Chemical Engineering Science},
volume = {23},
number = {11},
pages = {1293-1298},
year = {1968},
issn = {0009-2509},
doi = {https://doi.org/10.1016/0009-2509(68)89039-6},
url = {https://www.sciencedirect.com/science/article/pii/0009250968890396},
author = {M.E. O'Neill},
}

@article{HALLD1988,
title = {Measurements of the mean force on a particle near a boundary in turbulent flow},
journal = {Journal of Fluid Mechanics},
volume = {187},
pages = {451 - 466},
year = {1988},
issn = {0009-2509},
doi = {https://doi.org/10.1017/S0022112088000515},
author = {Hall, D},
}

@article{HU2023,
  title = {Modeling the resuspension of small inertial particles in turbulent flow over a fractal-like multiscale rough surface},
  author = {Hu, Ruifeng and Johnson, Perry L. and Meneveau, Charles},
  journal = {Phys. Rev. Fluids},
  volume = {8},
  issue = {2},
  pages = {024304},
  numpages = {20},
  year = {2023},
  month = {Feb},
  publisher = {American Physical Society},
  doi = {10.1103/PhysRevFluids.8.024304},
  url = {https://link.aps.org/doi/10.1103/PhysRevFluids.8.024304}
}

@misc{henry2018particleresuspensioncomplexsurfaces,
    title={Particle resuspension from complex surfaces: current knowledge and limitations}, 
    author={Christophe Henry},
    year={2018},
    eprint={1802.06448},
    archivePrefix={arXiv},
    primaryClass={physics.flu-dyn},
    url={https://arxiv.org/abs/1802.06448}, 
}

@article{ZHANG20091212,
    title = {Current status and technical description of Chinese 2×250MWth HTR-PM demonstration plant},
    journal = {Nuclear Engineering and Design},
    volume = {239},
    number = {7},
    pages = {1212-1219},
    year = {2009},
    issn = {0029-5493},
    doi = {https://doi.org/10.1016/j.nucengdes.2009.02.023},
    url = {https://www.sciencedirect.com/science/article/pii/S0029549309001332},
    author = {Zuoyi Zhang and Zongxin Wu and Dazhong Wang and Yuanhui Xu and Yuliang Sun and Fu Li and Yujie Dong},
}

@article{TAKAMATSU2014379,
    title = {Spontaneous stabilization of HTGRs without reactor scram and core cooling—Safety demonstration tests using the HTTR: Loss of reactivity control and core cooling},
    journal = {Nuclear Engineering and Design},
    volume = {271},
    pages = {379-387},
    year = {2014},
    note = {SI : HTR 2012},
    issn = {0029-5493},
    doi = {https://doi.org/10.1016/j.nucengdes.2013.12.005},
    url = {https://www.sciencedirect.com/science/article/pii/S0029549313006808},
    author = {Kuniyoshi Takamatsu and Xing L. Yan and Shigeaki Nakagawa and Nariaki Sakaba and Kazuhiko Kunitomi},
}

@incollection{borodich2014hertz,
    author = {Feodor M. Borodich},
    title = {The Hertz-Type and Adhesive Contact Problems for Depth-Sensing Indentation},
    booktitle = {Advances in Applied Mechanics},
    volume = {47},
    pages = {225--366},
    year = {2014},
    publisher = {Elsevier},
    address = {Amsterdam},
    doi = {10.1016/B978-0-12-800130-1.00003-5},
    issn = {0065-2156},
    chapter = {3}
}

@article{KATAINEN2006524,
    title = {Adhesion as an interplay between particle size and surface roughness},
    journal = {Journal of Colloid and Interface Science},
    volume = {304},
    number = {2},
    pages = {524-529},
    year = {2006},
    issn = {0021-9797},
    doi = {https://doi.org/10.1016/j.jcis.2006.09.015},
    url = {https://www.sciencedirect.com/science/article/pii/S0021979706008149},
    author = {J. Katainen and M. Paajanen and E. Ahtola and V. Pore and J. Lahtinen},
    keywords = {Adhesion, Surface roughness, Pull-off force, Atomic force microscope},
}

@misc{henry2018,
      title={Particle resuspension from complex surfaces: current knowledge and limitations}, 
      author={Christophe Henry},
      year={2018},
      eprint={1802.06448},
      archivePrefix={arXiv},
      primaryClass={physics.flu-dyn},
      url={https://arxiv.org/abs/1802.06448}, 
}

@misc{Srivastava2025,
    author = "Tarun Kumar Srivastava",
    title = "{Electrostatic interaction of dust particles to solid surfaces}",
    year = "2025",
    month = "5",
    url = "https://openresearch.newcastle.edu.au/articles/thesis/Electrostatic_interaction_of_dust_particles_to_solid_surfaces/29031692",
}

@article{SHEN2023118880,
    title = {An experimental study of triboelectrostatic particle charging behavior and its associated fundamentals},
    journal = {Powder Technology},
    volume = {429},
    pages = {118880},
    year = {2023},
    issn = {0032-5910},
    doi = {https://doi.org/10.1016/j.powtec.2023.118880},
    url = {https://www.sciencedirect.com/science/article/pii/S0032591023006642},
    author = {Youyue Shen and Dongping Tao and Longyu Zhang and Huaizhi Shao and Xuejie Bai and Xiaobing Yu},
    keywords = {Triboelectrostatic charging, Rotary triboelectrostatic separation, Atomic force microscopy},
}

@article{ISAIFAN2019413,
    title = {Evaluation of the adhesion forces between dust particles and photovoltaic module surfaces},
    journal = {Solar Energy Materials and Solar Cells},
    volume = {191},
    pages = {413-421},
    year = {2019},
    issn = {0927-0248},
    doi = {https://doi.org/10.1016/j.solmat.2018.11.031},
    url = {https://www.sciencedirect.com/science/article/pii/S0927024818305567},
    author = {Rima J. Isaifan and Daniel Johnson and Luis Ackermann and Benjamin Figgis and Mohammed Ayoub},
    keywords = {Adhesion, Soiling mechanism, Capillary force, Dust particles, vander Waal, Qatar, Atomic Force Spectroscopy},
}

@article{YU20082230,
    title = {The modeling of graphite oxidation behavior for HTGR fuel coolant channels under normal operating conditions},
    journal = {Nuclear Engineering and Design},
    volume = {238},
    number = {9},
    pages = {2230-2238},
    year = {2008},
    issn = {0029-5493},
    doi = {https://doi.org/10.1016/j.nucengdes.2008.02.022},
    url = {https://www.sciencedirect.com/science/article/pii/S0029549308001568},
    author = {Xinli Yu and Laurent Brissonneau and Christian Bourdeloie and Suyuan Yu},
}
@article{LUO2006, 
    title =  {Coagulating Evolution of Graphite Dust in Helium Flow of 10 MW High Temperature Gas-Cooled Reactor[J]},
    journal = {Atomic Energy Science and Technology},
    volume = {40},
    number = {3},
    pages = {311-315},
    year = {2006},
    issn = {0029-5493},
    doi = {https://doi.org/10.7538/yzk.2006.40.03.0311},
    author = {Xiao-wei Luo and Hong-liang Hua and Su-yuan Yu}
}

@article{Zhao20252954,
    author = {Shumiao Zhao and Zhu Fang and Zhikai You and Xinxin Wu and Libin Sun and Yiyang Zhang},
    title = {Effect of Sintering on the Resuspension of Multilayer Graphite Particle Deposits in High-Temperature Gas-Cooled Reactors},
    journal = {Nuclear Technology},
    volume = {0},
    number = {0},
    pages = {1--16},
    year = {2025},
    publisher = {Taylor \& Francis},
    doi = {10.1080/00295450.2025.2464420},
    URL = {https://doi.org/10.1080/00295450.2025.2464420},
}